@article{Acar2012ForecastingMS,
  title   = {Forecasting method selection in a global supply chain},
  author  = {Yavuz Acar and Gardner, Jr, Everette S},
  journal = {International Journal of Forecasting},
  year    = {2012},
  volume  = {28},
  number  = 4,
  pages   = {842-848},
}

@book{book92,
  author    = {Gardner, Jr, Everette S},
  title     = {The Spreadsheet Operations Manager},
  year      = 1992,
  publisher = {McGraw-Hill},
  address   = {New York}
}

@book{book93,
  author    = {Gardner, Jr, Everette S},
  title     = {The Spreadsheet Quality Manager},
  year      = 1993,
  publisher = {McGraw-Hill},
  address   = {New York}
}

@book{book94,
  author    = {Gardner, Jr, Everette S},
  title     = {The Spreadsheet Forecast Manager},
  year      = 1994,
  publisher = {McGraw-Hill},
  address   = {New York}
}

@book{book95,
  author    = {R. I. Levin and D. S. Rubin and J. P. Stinson and Gardner, Jr, Everette S},
  title     = {Quantitative Approaches to Management},
  edition   = {eighth edition},
  address   = {New York},
  publisher = {McGraw-Hill},
  year      = 1995
}

@article{Gardner_comment_1986,
  title   = {A comment on `Research on Forecasting'},
  journal = {Interfaces},
  volume  = 16,
  number  = 1,
  year    = 1986,
  pages   = {106-107},
  author  = {Gardner, Jr, Everette S}
}

@article{Gardner1979-il,
  title   = {{Box-Jenkins} vs multiple regression: some adventures in forecasting the demand for blood tests},
  author  = {Gardner, Jr, Everette S},
  journal = {Interfaces},
  volume  = 9,
  number  = 4,
  pages   = {49--54},
  year    = 1979
}

@article{Gardner1979-tx,
  title   = {A note on forecast modification based upon residual analysis},
  author  = {Gardner, Jr, Everette S},
  journal = {Decision Sciences},
  volume  = 10,
  number  = 3,
  pages   = {493--496},
  year    = 1979
}

@article{Gardner1979UsingOP,
  title   = {Using optimal policy surfaces to analyze aggregate inventory tradeoffs},
  author  = {Gardner, Jr, Everette S and David G. Dannenbring},
  journal = {Management Science},
  year    = {1979},
  volume  = {25},
  number  = 8,
  pages   = {709-720}
}

@article{Gardner1980-ai,
  title   = {Forecasting with exponential smoothing: some guidelines for model selection},
  author  = {Gardner, Jr, Everette S and Dannenbring, D G},
  journal = {Decision Sciences},
  volume  = 11,
  number  = 2,
  pages   = {370--383},
  year    = 1980
}

@article{gardner1980forecasting,
  title   = {Forecasting: A cost control tool for health care managers},
  author  = {Gardner, Jr, Everette S and McLaughlin, Curtis P},
  journal = {Health Care Management Review},
  pages   = {31--38},
  volume  = 5,
  number  = 3,
  year    = {1980}
}

@article{Gardner1980InventoryTA,
  title   = {Inventory theory and the gods of {Olympus}},
  author  = {Gardner, Jr, Everette S},
  journal = {Interfaces},
  year    = {1980},
  volume  = {10},
  number  = 4,
  pages   = {42-45}
}

@article{Gardner1983-iz,
  title   = {Automatic monitoring of forecast errors},
  author  = {Gardner, Jr, Everette S},
  journal = {Journal of Forecasting},
  volume  = 2,
  number  = 1,
  pages   = {1--21},
  year    = 1983,
  doi     = {10.1002/for.3980020103}
}

@article{Gardner1983ApproximateDR,
  title   = {Approximate decision rules for continuous review inventory systems},
  author  = {Gardner, Jr, Everette S},
  journal = {Naval Research Logistics Quarterly},
  year    = {1983},
  volume  = {30},
  pages   = {59-68},
  doi     = {10.1002/nav.3800300106}
}

@article{Gardner1983EvolutionaryOO,
  title   = {Evolutionary operation of the exponential smoothing parameter: Revisited},
  author  = {Gardner, Jr, Everette S},
  journal = {Omega},
  year    = {1983},
  volume  = {11},
  number  = 6,
  pages   = {621-623},
}

@techreport{Gardner1984-kt,
  title       = {Forecast control with parabolic masks},
  author      = {Gardner, Jr, Everette S},
  institution = {Navy Fleet Material Support Office, Mechanicsburg, USA},
  year        = 1984
}

@article{Gardner1984ACO,
  title   = {A comparison of investment allocation strategies for distribution inventories},
  author  = {Gardner, Jr, Everette S},
  journal = {Decision Sciences},
  year    = {1984},
  volume  = {15},
  number  = 1,
  pages   = {22-30},
}

@article{Gardner1984TheSC,
  title   = {The strange case of the lagging forecasts},
  author  = {Gardner, Jr, Everette S},
  journal = {Interfaces},
  year    = {1984},
  volume  = {14},
  number  = 3,
  pages   = {47-50},
}

@article{Gardner1985-lk,
  title   = {Forecasting trends in time series},
  author  = {Gardner, Jr, Everette S and McKenzie, Eddie},
  journal = {Management Science},
  volume  = 31,
  number  = 10,
  pages   = {1237--1246},
  year    = 1985
}

@article{Gardner1985-yu,
  title   = {Exponential smoothing: The state of the art},
  author  = {Gardner, Jr, Everette S},
  journal = {Journal of Forecasting},
  volume  = 4,
  number  = 1,
  pages   = {1--28},
  year    = 1985,
  doi     = {10.1002/for.3980040103}
}

@article{Gardner1985CUSUMVS,
  title   = {CUSUM vs smoothed-error forecast monitoring schemes: some simulation results},
  author  = {Gardner, Jr, Everette S},
  journal = {Journal of the Operational Research Society},
  year    = {1985},
  volume  = {36},
  number  = 1,
  pages   = {43-47},
}

@article{Gardner1985NoteFN,
  title   = {Further notes on lagging forecasts},
  author  = {Gardner, Jr, Everette S},
  journal = {Interfaces},
  year    = {1985},
  volume  = {15},
  number  = 5,
  pages   = {63},
}

@article{Gardner1987ATA,
  title   = {A top-down approach to modeling {US Navy} inventories},
  author  = {Gardner, Jr, Everette S},
  journal = {Interfaces},
  year    = {1987},
  volume  = {17},
  number  = 4,
  pages   = {1-7},
}

@article{Gardner1988-bd,
  title   = {A simple method of computing prediction intervals for time series forecasts},
  author  = {Gardner, Jr, Everette S},
  journal = {Management Science},
  volume  = 34,
  number  = 4,
  pages   = {541--546},
  year    = 1988
}

@article{Gardner1988-gi,
  title   = {The future of forecasting},
  author  = {Gardner, Jr, Everette S and Makridakis, Spyros G},
  journal = {International Journal of Forecasting},
  volume  = 4,
  number  = 3,
  pages   = {325--330},
  year    = 1988,
  issn    = {0169-2070}
}

@article{Gardner1988-ml,
  title   = {Model identification in exponential smoothing},
  author  = {Gardner, Jr, Everette S and McKenzie, Eddie},
  journal = {Journal of the Operational Research Society},
  volume  = 39,
  number  = 9,
  pages   = {863--867},
  year    = 1988,
  issn    = {0160-5682}
}

@article{Gardner1989-bi,
  title   = {Seasonal exponential smoothing with damped trends},
  author  = {Gardner, Jr, Everette S and McKenzie, Eddie},
  journal = {Management Science},
  volume  = 35,
  number  = 3,
  pages   = {372--376},
  year    = 1989
}

@article{Gardner1990-pw,
  title   = {Evaluating forecast performance in an inventory control system},
  author  = {Gardner, Jr, Everette S},
  journal = {Management Science},
  volume  = 36,
  number  = 4,
  pages   = {490--499},
  year    = 1990
}

@article{Gardner1993-ru,
  title   = {Forecasting the failure of component parts in computer systems: A case study},
  author  = {Gardner, Jr, Everette S},
  journal = {International Journal of Forecasting},
  volume  = 9,
  number  = 2,
  pages   = {245--253},
  year    = 1993
}

@article{Gardner1994ProductivityIT,
  title   = {Productivity in the {US} and {Japan}: A reexamination},
  author  = {Gardner, Jr, Everette S and John M. Ivancevich},
  journal = {Interfaces},
  year    = {1994},
  volume  = {24},
  number  = 6,
  pages   = {66-73},
}

@article{Gardner1997FocusFR,
  title   = {Focus forecasting reconsidered},
  author  = {Gardner, Jr, Everette S and Elizabeth A. Anderson},
  journal = {International Journal of Forecasting},
  year    = {1997},
  volume  = {13},
  number  = 4,
  pages   = {501-508},
}

@article{Gardner1999-or,
  title   = {Rule-based forecasting vs.\ damped-trend exponential smoothing},
  author  = {Gardner, Jr, Everette S},
  journal = {Management Science},
  volume  = 45,
  number  = 8,
  pages   = {1169--1176},
  year    = 1999
}

@article{Gardner2001FurtherRO,
  title   = {Further results on focus forecasting vs. exponential smoothing},
  author  = {Gardner, Jr, Everette S and Elizabeth Anderson-Fletcher and Angela M. Wicks},
  journal = {International Journal of Forecasting},
  year    = {2001},
  volume  = {17},
  number  = 2,
  pages   = {287-293},
}

@article{Gardner2002SeasonalAO,
  title   = {Seasonal adjustment of inventory demand series: a case study},
  author  = {Gardner, Jr, Everette S and Joaquin Diaz-Saiz},
  journal = {International Journal of Forecasting},
  year    = {2002},
  volume  = {18},
  number  = 1,
  pages   = {117-123},
}

@article{Gardner2004DimensionalAO,
  title   = {Dimensional analysis of airline quality},
  author  = {Gardner, Jr, Everette S},
  journal = {Interfaces},
  year    = {2004},
  volume  = {34},
  number  = 4,
  pages   = {272-279},
}

@article{Gardner2005-xw,
  title   = {Comments on a patented bootstrapping method for forecasting intermittent demand},
  author  = {Gardner, Jr, Everette S and Koehler, Anne B},
  journal = {International Journal of Forecasting},
  volume  = 21,
  number  = 3,
  pages   = {617--618},
  year    = 2005,
  doi     = {10.1016/j.ijforecast.2005.04.021}
}

@article{Gardner2006-qq,
  title   = {Exponential smoothing: The state of the art---Part {II}},
  author  = {Gardner, Jr, Everette S},
  journal = {International Journal of Forecasting},
  volume  = 22,
  number  = 4,
  pages   = {637--666},
  year    = 2006,
  doi     = {10.1016/j.ijforecast.2006.03.005}
}

@article{Gardner2008-bs,
  title   = {Exponential smoothing in the telecommunications data},
  author  = {Gardner, Jr, Everette S and Diaz-Saiz, Joaquin},
  journal = {International Journal of Forecasting},
  volume  = 24,
  number  = 1,
  pages   = {170--174},
  year    = 2008,
  doi     = {10.1016/j.ijforecast.2007.05.002}
}

@article{Gardner2011WhyTD,
  title   = {Why the damped trend works},
  author  = {Gardner, Jr, Everette S and Ed McKenzie},
  journal = {Journal of the Operational Research Society},
  year    = {2011},
  volume  = {62},
  pages   = {1177-1180},
}

@article{Gardner2015ConservativeFW,
  title   = {Conservative forecasting with the damped trend},
  author  = {Gardner, Jr, Everette S},
  journal = {Journal of Business Research},
  year    = {2015},
  volume  = {68},
  pages   = {1739-1741},
}

@article{Gardner2016TheFQ,
  title   = {The forecastability quotient reconsidered},
  author  = {Gardner, Jr, Everette S and Yavuz Acar},
  journal = {International Journal of Forecasting},
  year    = {2016},
  volume  = {32},
  number  = 4,
  pages   = {1208-1211},
}

@article{Gardner2018FittingTD,
  title   = {Fitting the damped trend method of exponential smoothing},
  author  = {Gardner, Jr, Everette S and Yavuz Acar},
  journal = {Journal of the Operational Research Society},
  year    = {2018},
  volume  = {70},
  pages   = {926 - 930},
}

@article{McKenzie2010DampedTE,
  title   = {Damped trend exponential smoothing: A modelling viewpoint},
  author  = {Ed McKenzie and Gardner, Jr, Everette S},
  journal = {International Journal of Forecasting},
  year    = {2010},
  volume  = {26},
  number  = 4,
  pages   = {661-665},
}

@phdthesis{phd,
  author = {Gardner, Jr, Everette S},
  school = {University of North Carolina},
  title  = {Aggregate inventory models: theory and application},
  year   = {1978}
}

@inbook{smoothing,
  author    = {Gardner, Jr, Everette S},
  chapter   = {11},
  editor    = {Spyros Makridakis and Steve C Wheelwright},
  pages     = {},
  publisher = {Wiley Interscience},
  title     = {Smoothing methods for short-term planning and control},
  year      = {1987},
  booktitle = {The Handbook of Forecasting: A Manager's Guide},
  address   = {New York},
  edition   = {second edition}
}

@article{Syntetos2015ForecastingII,
  title   = {Forecasting intermittent inventory demands: simple parametric methods vs. bootstrapping},
  author  = {Argyrios Syntetos and M. Zied Babai and Gardner, Jr, Everette S},
  journal = {Journal of Business Research},
  year    = {2015},
  volume  = {68},
  pages   = {1746-1752},
}

@article{tradeoffs,
  author  = {Gardner, Jr, Everette S},
  title   = {The tradeoffs in choosing a time series method},
  journal = {Journal of Forecasting},
  volume  = 2,
  number  = 3,
  year    = 1983,
  pages   = {263-267}
}
